@misc{node,
   title = "Node.js",
   note = "[Online; accessed 6-May-2014]",
   url = "http://www.nodejs.org"
}

@misc{express,
   title = "Express",
   note = "[Online; accessed 6-May-2014]",
   url = "http://expressjs.com"
}

@misc{mongodb,
   title = "MongoDB",
   note = "[Online; accessed 6-May-2014]",
   url = "http://www.mongodb.org"
}

@misc{angularjs,
   title = "AngularJS",
   note = "[Online; accessed 6-May-2014]",
   url = "http://angularjs.org"
}

@misc{mongoose,
   title = "Mongoose",
   note = "[Online; accessed 6-May-2014]",
   url = "http://mongoosejs.com"
}

@misc{socketio,
   title = "Socket.IO",
   note = "[Online; accessed 6-May-2014]",
   url = "http://socket.io"
}

@misc{passport,
   title = "Passport",
   note = "[Online; accessed 6-May-2014]",
   url = "http://passportjs.org"
}

@misc{bower,
   title = "Bower",
   note = "[Online; accessed 6-May-2014]",
   url = "http://bower.io"
}

@misc{grunt,
   title = "Grunt",
   note = "[Online; accessed 6-May-2014]",
   url = "http://gruntjs.com"
}

@misc{fabricjs,
   title = "Fabric.js",
   note = "[Online; accessed 6-May-2014]",
   url = "http://fabricjs.com"
}

@misc{sass,
   title = "Sass",
   note = "[Online; accessed 6-May-2014]",
   url = "http://sass-lang.com"
}

@inbook{rest,
   author = "Roy Thomas Fielding",
   title = "Architectural Styles and the Design of Network-based Software Architectures",
   chapter = "5",
   year = "2000",
   publisher = "University of California, Irvine",
   url = "http://www.ics.uci.edu/~fielding/pubs/dissertation/rest_arch_style.htm"
}

@MANUAL{websocket,
   author = "Ian Fette and Alexey Melnikov",
   title = "The WebSocket Protocol [RFC6455]",
   organization = "IETF",
   url = "http://tools.ietf.org/html/rfc6455",
}

@MANUAL{bem,
   author = "Vitaly Harisov and Sergey Belov",
   title = "BEM Methodology",
   organization = "Yandex",
   url = "http://bem.info/method",
}

@BOOK{grigorik,
   title = "High Performance Browser Networking",
   author = "Ilya Grigorik",
   publisher = "O'Reilly Media",
   year = "2013",
   isbn = "978-1-4493-4471-9"
}

@misc{rams,
   author = "Dieter Rams",
   title = "Ten Principles for Good Design",
   url = "http://www.vitsoe.com/eu/about/good-design",
   year = "1980",
}

@misc{paratype,
   author = "Alexandra Korolkova and Olga Umpeleva and Isabella Chaeva",
   title = "Public Fonts for Minority Languages of Russia",
   organization = "ParaType",
   url = "http://www.paratype.com/public",
   year = "2011",
}

@article{brown,
   author = "Tim Brown",
   title = "More Meaningful Typography",
   journal = "A List Apart",
   url = "http://alistapart.com/article/more-meaningful-typography",
   year = "2011",
}

@article{revell,
   author = "VL Revell and DJ Skene",
   title = "Light-induced melatonin suppression in humans with polychromatic and monochromatic light",
   journal = "Chronobiology International",
   url = "http://www.ncbi.nlm.nih.gov/pubmed/18075803",
   year = "2007",
}

@article{viola,
   author = "AU Viola and LM James and LJ Schlangen and DJ Dijk",
   title = "Blue-enriched white light in the workplace improves self-reported alertness, performance and sleep quality",
   journal = "Scandinavian Journal of Work, Environment \& Health",
   url = "http://www.ncbi.nlm.nih.gov/pubmed/18815716",
   year = "2008",
}

@BOOK{ariely,
   title = "The Honest Truth About Dishonesty",
   author = "Dan Ariely",
   publisher = "Harper Perennial",
   year = "2013",
   isbn = "978-0-0621-8361-3"
}
